<?xml version="1.0" encoding="UTF-8"?><collection xmlns="http://www.loc.gov/MARC21/slim"><record><leader>00499nam--2200205-u-4500</leader><controlfield tag="001">000051129</controlfield><controlfield tag="002">20161230</controlfield><controlfield tag="005">20161230201049</controlfield><controlfield tag="008">080522s1000------------r-----000-0-eng-d</controlfield><datafield ind1=" " ind2=" " tag="020"><subfield code="a">0-201-03812-9</subfield></datafield><datafield ind1=" " ind2=" " tag="040"><subfield code="a">IFIN-HH</subfield></datafield><datafield ind1=" " ind2=" " tag="080"><subfield code="a">511.1:164</subfield></datafield><datafield ind1="1" ind2=" " tag="100"><subfield code="a">Knuth, D.E</subfield></datafield><datafield ind1="1" ind2=" " tag="245"><subfield code="a">Surreal Numbers</subfield></datafield><datafield ind1=" " ind2=" " tag="250"><subfield code="a">Seventeenth Printing</subfield></datafield><datafield ind1=" " ind2=" " tag="260"><subfield code="a">Stanford</subfield><subfield code="b">Adison - Wesley Company Inc</subfield><subfield code="c">2006</subfield></datafield><datafield ind1=" " ind2=" " tag="300"><subfield code="a">119 p</subfield></datafield><datafield ind1="1" ind2=" " tag="700"><subfield code="a">D.E. Knuth</subfield></datafield><datafield ind1=" " ind2=" " tag="852"><subfield code="a">82091</subfield><subfield code="c">511</subfield></datafield><datafield ind1=" " ind2=" " tag="CAT"><subfield code="a">Sys</subfield><subfield code="c">20080522</subfield><subfield code="h">090212</subfield></datafield></record></collection>